@article{hammond,
  author       = {Mike Hammond},
  title        = {Laws and rules for predicate logic - University of Arizona},
  journaltitle = {Laws and Rules for Predicate Logic},
  year         = 2005,
  pages        = {1},
  url          = {https://faculty.sbs.arizona.edu/hammond/archive/ling501-f05/ho7.pdf}
}